@article{chawla2002smote,
  title={SMOTE: synthetic minority over-sampling technique},
  author={Chawla, Nitesh V and Bowyer, Kevin W and Hall, Lawrence O and Kegelmeyer, W Philip},
  journal={Journal of artificial intelligence research},
  volume={16},
  pages={321--357},
  year={2002}
}

@book{anzai2012pattern,
  title={Pattern recognition and machine learning},
  author={Anzai, Yuichiro},
  year={2012},
  publisher={Elsevier}
}

@article{bartlett1998boosting,
  title={Boosting the margin: A new explanation for the effectiveness of voting methods},
  author={Bartlett, Peter and Freund, Yoav and Lee, Wee Sun and Schapire, Robert E},
  journal={The annals of statistics},
  volume={26},
  number={5},
  pages={1651--1686},
  year={1998},
  publisher={Institute of Mathematical Statistics}
}

@article{natekin2013gradient,
  title={Gradient boosting machines, a tutorial},
  author={Natekin, Alexey and Knoll, Alois},
  journal={Frontiers in neurorobotics},
  volume={7},
  pages={21},
  year={2013},
  publisher={Frontiers}
}

@article{chen2015xgboost,
  title={Xgboost: extreme gradient boosting},
  author={Chen, Tianqi and He, Tong and Benesty, Michael and Khotilovich, Vadim and Tang, Yuan and Cho, Hyunsu and others},
  journal={R package version 0.4-2},
  volume={1},
  number={4},
  pages={1--4},
  year={2015}
}
